{
    "2016-12-31T00:01:46Z": {
        "gdp": "5.59 ",
        "occupations": "55% ",
        "debt": "27.9% ",
        "revenue": "1.11",
        "expenses": "1.36",
        "country": "Bihar"
    },
    "2017-12-31T20:13:54Z": {
        "gdp": "6.32 ",
        "growth": "17%",
        "occupations": "56% ",
        "debt": "18.89% ",
        "revenue": "1.37",
        "expenses": "1.60",
        "country": "Bihar"
    },
    "2018-12-31T07:17:19Z": {
        "gdp": "4.38 ",
        "growth": "10.3% ",
        "per capita": " 38546 ",
        "inflation": "2.2% ",
        "poverty": " 33.74 %",
        "hdi": "0.536 ",
        "occupations": "56% ",
        "debt": " 33.4 %",
        "revenue": "1.372",
        "expenses": "1.601",
        "aid": "7.9% ",
        "country": "Bihar"
    },
    "2019-12-31T00:34:15Z": {
        "gdp": " 5.8 ",
        "growth": "11.3% ",
        "per capita": " 43822 ",
        "inflation": "2.2% ",
        "poverty": " 33.74 %",
        "hdi": "0.566",
        "occupations": "56% ",
        "unemployment": "7.2% ",
        "debt": " 33.07 %",
        "revenue": "2.0",
        "expenses": "1.79",
        "aid": "7.9% ",
        "country": "Bihar"
    },
    "2020-12-31T22:09:38Z": {
        "gdp": " 6.86 ",
        "growth": "10.53% ",
        "per capita": " 33629 ",
        "inflation": "2.2% ",
        "poverty": " 33.74 %",
        "hdi": "0.566",
        "occupations": "56% ",
        "unemployment": "7.2% ",
        "debt": "30.1% ",
        "balance": "2.97% ",
        "revenue": "1.84",
        "expenses": "2.11",
        "aid": "7.9% ",
        "country": "Bihar"
    },
    "2021-12-31T17:41:22Z": {
        "gdp": "7.57 ",
        "per capita": "46664 ",
        "inflation": "2.2% ",
        "poverty": "33.73% ",
        "hdi": " 0.576 ",
        "occupations": "56% ",
        "unemployment": "10.0% ",
        "debt": "30.1% ",
        "balance": "2.97% ",
        "revenue": "1.84",
        "expenses": "2.11",
        "aid": "7.9% ",
        "country": "Bihar"
    },
    "2022-12-31T14:58:16Z": {
        "gdp": "7.45 ",
        "growth": "10.98% ",
        "per capita": "50555 ",
        "inflation": "7.3% ",
        "poverty": "33.73% ",
        "hdi": " 0.571 ",
        "occupations": "56% ",
        "unemployment": "11.4% ",
        "debt": "38.66% ",
        "balance": "2.97% ",
        "revenue": "1.97",
        "expenses": "2.23",
        "aid": "7.9% ",
        "country": "Bihar"
    },
    "2023-12-31T08:40:02Z": {
        "gdp": "7.45 ",
        "growth": "9.7% ",
        "per capita": "57,750 ",
        "inflation": "7.3% ",
        "poverty": "33.73% ",
        "hdi": " 0.581 ",
        "occupations": "56% ",
        "unemployment": "17.6% ",
        "debt": "38.66% ",
        "balance": "2.97% ",
        "revenue": "1.97",
        "expenses": "2.23",
        "aid": "7.9% ",
        "country": "Bihar"
    }
}